<?xml version="1.0" encoding="UTF-8"?><collection xmlns="http://www.loc.gov/MARC21/slim"><record><leader>00477nam--2200157-i-4500</leader><controlfield tag="001">000039215</controlfield><controlfield tag="002">20161230</controlfield><controlfield tag="005">20170122225353</controlfield><controlfield tag="008">060222s1000------------r-----000-0-eng-d</controlfield><datafield ind1=" " ind2=" " tag="100"><subfield code="a">Robertson, John Kellock</subfield></datafield><datafield ind1=" " ind2=" " tag="245"><subfield code="a">Radiology physics. An introductory course for medical or premedical students and for all radiologists</subfield></datafield><datafield ind1=" " ind2=" " tag="250"><subfield code="a">second ed</subfield></datafield><datafield ind1=" " ind2=" " tag="260"><subfield code="a">New York</subfield><subfield code="b">D.Van Nostrand</subfield><subfield code="c">[1948]</subfield></datafield><datafield ind1=" " ind2=" " tag="300"><subfield code="a">XVII + 323 p.+ 1 Pl</subfield></datafield><datafield ind1=" " ind2=" " tag="852"><subfield code="a">1642</subfield></datafield><datafield ind1=" " ind2=" " tag="CAT"><subfield code="a">SYS</subfield><subfield code="c">20170122</subfield><subfield code="h">225353</subfield></datafield></record></collection>